<record><leader>00000cas a22000007a 4500</leader><controlfield tag="001">27213377</controlfield><controlfield tag="008">930108d18781878moudn ne      0    0eng d</controlfield><datafield ind1=" " ind2=" " tag="010"><subfield code="a">sn 93059927 </subfield></datafield><datafield ind1=" " ind2=" " tag="040"><subfield code="a">MQN</subfield><subfield code="b">eng</subfield><subfield code="c">MQN</subfield><subfield code="d">OCLCQ</subfield></datafield><datafield ind1=" " ind2=" " tag="042"><subfield code="a">msc</subfield></datafield><datafield ind1="0" ind2=" " tag="130"><subfield code="a">St. Joseph gazette-chronicle (Saint Joseph, Mo. : Daily)</subfield></datafield><datafield ind1="1" ind2="0" tag="245"><subfield code="a">St. Joseph gazette-chronicle.</subfield></datafield><datafield ind1="3" ind2="0" tag="246"><subfield code="a">Saint Joseph gazette chronicle</subfield></datafield><datafield ind1=" " ind2=" " tag="260"><subfield code="a">St. Joseph, Mo. :</subfield><subfield code="b">Gazette-Chronicle Co.,</subfield><subfield code="c">1878.</subfield></datafield><datafield ind1=" " ind2=" " tag="300"><subfield code="a">v.</subfield></datafield><datafield ind1=" " ind2=" " tag="310"><subfield code="a">Daily (except Mon.)</subfield></datafield><datafield ind1="0" ind2=" " tag="362"><subfield code="a">Vol. 11, no. [82] (Apr. 7, 1878)-v. 34, no. 147 (June 27, 1878).</subfield></datafield><datafield ind1=" " ind2="4" tag="651"><subfield code="a">Saint Joseph (Mo.)</subfield><subfield code="v">Newspapers.</subfield></datafield><datafield ind1=" " ind2=" " tag="752"><subfield code="a">United States</subfield><subfield code="b">Missouri</subfield><subfield code="c">Buchanan</subfield><subfield code="d">Saint Joseph.</subfield></datafield><datafield ind1="0" ind2=" " tag="775"><subfield code="t">St. Joseph gazette-chronicle (Saint Joseph, Mo. : Weekly)</subfield><subfield code="w">(DLC)sn 86063674</subfield></datafield><datafield ind1="0" ind2="4" tag="780"><subfield code="t">St. Joseph gazette (Saint Joseph, Mo. : 1875 : Daily)</subfield><subfield code="w">(DLC)sn 93059926</subfield></datafield><datafield ind1="0" ind2="4" tag="780"><subfield code="t">St. Joseph daily chronicle</subfield><subfield code="w">(DLC)sn 93059936</subfield></datafield><datafield ind1="0" ind2="0" tag="785"><subfield code="t">St. Joseph daily gazette (Saint Joseph, Mo. : 1878)</subfield><subfield code="w">(DLC)sn 93059928</subfield></datafield><datafield ind1="1" ind2=" " tag="029"><subfield code="a">AU@</subfield><subfield code="b">000020742192</subfield></datafield></record>